@Book { bib:analysis:kobliz,
	author = "Коблиц Н.",
	title = "p-адические числа, p-адический анализ и дзета-функции",
	publisher = "М.: Мир",
	address = "",
	year = "1982",
	numpages = "192",
	language = "russian",
	ibsn = ""
}

@Book { bib:analysis:vladimirov,
	author = "Владимиров, В.C. and Волович И.В. and Зеленов Е.И.",
	title = "p-Адический анализ и математическая физика",
	publisher = "М.: Наука",
	address = "",
	year = "1994",
	numpages = "352",
	language = "russian",
	ibsn = "5-02-015038-X"
}

@Book { bib:dynamic:anashin,
	author = "Anashin, V. and Khrennikov, A",
	title = "Applied Algebraic Dynamics",
	address = "Berlin, Germany",
	year = "2009",
	numpages = "557",
	language = "english",
	ibsn = "978-3-11-020300-4",
	publisher = "Walter de Gruyter"
}

@Book { bib:analisys:vv,
	author = "Владимиров, В. С. and Волович, И. В.",
	title = "Применение p-адических чисел в математической физике",
	publisher = "Тр. МИАН",
	address = "",
	year = "1991",
	numpages = "200",
	language = "russian"
}

@Book { bib:analisys:khrennikov:1,
	author = "Хренников, А. Ю.",
	title = "Неархимедов анализ и его приложения",
	publisher = "М.: Физматлит",
	address = "",
	year = "2003",
	numpages = "216",
	language = "russian",
	ibsn = "5-9221-0191-9"
}

@Article { bib:computation:gregory,
	author = "Gregory, R.T.",
	title = "The Use of Finite-segment P-adic Arithmetic for Exact Computation",
	year = "1975",
	volume = "81(2)",
	numpages = "58-79",
	language = "english",
	journal = "Proceedings Mathematical Sciences"
}

@Article { bib:numbers:hensel:overflow,
	author = "Li, X., and Lu, C., and Sjogren, A.",
	title = "A method for Hensel code overflow detection",
	publisher = "",
	pages = "6-11",
	volume = "12",
	year = "2012",
	language = "english",
	journal = "ACM SIGAPP Applied Computing Review",
	issue = "1"
}

@Article { bib:numbers:morrison,
	author = "Morrison, J.",
	title = "Parallel P-adic computation",
	publisher = "",
	pages = "",
	volume = "28",
	year = "1988",
	language = "english",
	journal = "Information Processing Letters",
	issue = "3"
}

@Article { bib:numbers:miola,
	author = "Miola, A.",
	title = "Algebraic approach to p-adic conversion of rational numbers",
	publisher = "",
	pages = "167-171",
	volume = "18",
	year = "1984",
	language = "english",
	journal = "Information Processing Letters"
}

@Article { bib:analysis:volovich,
	author = "Волович, И. В. and Козырев, С. В.",
	title = "p–Адическая математическая физика: основные конструкции, применения к сложным и наноскопическим системам",
	address = "",
	year = "2009",
	publisher = "",
	pages = "3–168",
	volume = "12",
	language = "russian",
	ibsn = "",
	url = ""
}

@article{ bib:algebra:lanczos:2,
	author = "Ojalvo, I. and Newman, M.",
	year = "1970",
	month = "07",
	pages = "1234-1239",
	title = "Vibration modes of large structures by an automatic matrix-reduction method",
	volume = "8",
	journal = "Aiaa Journal - AIAA J",
	doi = "10.2514/3.5878"
}
