@Book { bib:analysis:alain,
	author = "Alain, M.R.",
	title = "A Course in p-adic Analysis",
	publisher = "Springer",
	address = "",
	year = "2000",
	numpages = "438",
	language = "english",
	ibsn = "978-0387986692"
}

@Book { bib:analysis:gouvea,
	author = "Gouvea, F.Q. ",
	title = "p-adic Numbers: An Introduction",
	publisher = "Springer",
	address = "",
	year = "2020",
	numpages = "377",
	language = "english",
	ibsn = "978-3030472948"
}

@Book { bib:analysis:kobliz,
	author = "Коблиц Н.",
	title = "p-адические числа, p-адический анализ и дзета-функции",
	publisher = "М.: Мир",
	address = "",
	year = "1982",
	numpages = "192",
	language = "russian",
	ibsn = ""
}

@Book { bib:analysis:vladimirov,
	author = "Владимиров, В.C. and Волович И.В. and Зеленов Е.И.",
	title = "p-Адический анализ и математическая физика",
	publisher = "М.: Наука",
	address = "",
	year = "1994",
	numpages = "352",
	language = "russian",
	ibsn = "5-02-015038-X"
}

@Book { bib:dynamic:anashin,
	author = "Anashin, V. and Khrennikov, A",
	title = "Applied Algebraic Dynamics",
	address = "Berlin, Germany",
	year = "2009",
	numpages = "557",
	language = "english",
	ibsn = "978-3-11-020300-4",
	publisher = "Walter de Gruyter"
}

@Book { bib:analysis:anashin:2,
	author = "Анашин, В.С.",
	title = "Non-Archimedean analysis, T-functions and cryptography",
	year = "2006",
	publisher = "Макс Пресс Москва",
	numpages = "56",
	language = "russian",
	isbn = "5-317-01687-8"
}

@Book { bib:analysis:anashin:3,
	author = "Anashin, V.",
	title = "Uniformly distributed sequences over p-adic integers",
	year = "1993",
	publisher = "Russian State University for the Humanities Moscow",
	numpages = "99",
	language = "english"
}

@Book { bib:analysis:schikhof,
	author = "Schikhof, W.",
	title = "Ultrametric calculus: an introduction to p-adic analysis",
	address = "",
	year = "1984",
	numpages = "306",
	language = "english",
	publisher = "Cambridge University Press",
}

@Book { bib:analysis:baker,
	author = "Baker, A.",
	title = "An Introduction to p-adic Numbers and p-adic Analysis",
	address = "Glasgow G12 8QQ Scotland",
	year = "2017",
	numpages = "64",
	language = "english",
	publisher = "University of Glasgow"
}

@Book { bib:numbers:krishnamurthy,
	author = "Gregory, R. T., and Krishnamurthy, E. V.",
	title = "Methods and Applications of Error-Free Computation",
	publisher = "Springer",
	address = "",
	year = "1984",
	numpages = "194",
	language = "english"
}

@Book { bib:algebra:roitenberg,
	author = "Ройтенберг, Я.Н.",
	title = "Автоматическое управление",
	publisher = "М.: Наука",
	address = "",
	year = "1971",
	numpages = "396",
	language = "russian"
}

@Book { bib:number:borevich,
	author = "Боревич, З.И. and Шафаревич, И.Р.",
	title = "Теория чисел",
	publisher = "Ленанд",
	address = "",
	year = "2019",
	numpages = "438",
	language = "russian",
	ibsn = "978-5-9710-5883-0"
}

@Book { bib:algebra:1,
	author = "Уилкинсон, Дж. X.",
	title = "Алгебраическая проблема собственныx значений",
	publisher = "М.: Наука",
	address = "",
	year = "1970",
	numpages = "565",
	language = "russian"
}

@Book { bib:ode:1,
	author = "Федоренко, Р.П.",
	title = "Введение в вычислительную физику",
	publisher = "М.: Изд-во Моск. физ.-техн. ин-та",
	address = "",
	year = "1994",
	numpages = "528",
	language = "russian"
}

@Book { bib:ode:2,
	author = "Хайрер, Э. and Нерсетт, С. and Ваннер, Г.",
	title = "Решение обыкновенных дифференциальных уравнений. Нежесткие задачи.",
	publisher = "М.: Мир,",
	address = "",
	year = "1990",
	numpages = "512",
	language = "russian"
}

@Book { bib:number:theory,
	author = "Манин, Ю.И. and Панчишкин, А.А.",
	title = " Введение в современную теорию чисел",
	publisher = "М.: МЦНМО",
	address = "",
	year = "2013",
	numpages = "552",
	language = "russian",
	ibsn = "978-5-4439-0102-2"
}

@Book { bib:number:tyapaev,
	author = "Салий, В.Н. and Сагаева, И.Д. and Тяпаев, Л.Б.",
	title = " Дискретная математика Часть 1",
	publisher = "Lulu Publishing",
	address = "",
	year = "2013",
	numpages = "92",
	language = "russian",
	ibsn = "978-1-304-82941-2"
}

@Book { bib:numbers:voevodin,
	author = "Воеводин, В.В.",
	title = "Численные методы алгебры. Теория и алгоритмы",
	publisher = "М.: Наука",
	address = "",
	year = "1966",
	numpages = "248",
	language = "russian"
}

@Book { bib:numbers:marcus,
	author = "Marcus, M., and Minc, H.",
	title = "Introduction to Linear Algebra",
	publisher = "Dover Publications",
	address = "",
	year = "1988",
	numpages = "288",
	language = "english"
}

@Book { bib:numbers:matula,
	author = "Kornerup, P., and Matula, D. W.",
	title = "Finite Precision Number Systems and Arithmetic",
	publisher = "Cambridge University Press",
	address = "",
	year = "2010",
	ibsn = "978-0521790178",
	numpages = "716",
	language = "english"
}

@Book { bib:analisys:vv,
	author = "Владимиров, В. С. and Волович, И. В.",
	title = "Применение p-адических чисел в математической физике",
	publisher = "Тр. МИАН",
	address = "",
	year = "1991",
	numpages = "200",
	language = "russian"
}

@Book { bib:analisys:khrennikov:1,
	author = "Хренников, А. Ю.",
	title = "Неархимедов анализ и его приложения",
	publisher = "М.: Физматлит",
	address = "",
	year = "2003",
	numpages = "216",
	language = "russian",
	ibsn = "5-9221-0191-9"
}

@Book{ bib:analisys:khrennikov:2,
	author = "Khrennikov, A.",
	title = "Non-Archimedean Analysis: Quantum Paradoxes, Dynamical Systems and Biological Models",
	publisher = "Cambridge University Press",
	address = "",
	year = "2010",
	numpages = "368",
	language = "english",
	ibsn = "978-0521148566"
}

@Book{ bib:analisys:albeverio,
	author = "Albeverio, S. and Khrennikov, A. and Shelkovich, V.",
	title = "Theory of P-Adic Distributions: Linear and Nonlinear Models",
	publisher = "Springer",
	address = "",
	year = "1997",
	numpages = "376",
	language = "english",
	ibsn = "978-0792348009"
}

@Article { bib:analysis:volovich,
	author = "Волович, И. В. and Козырев, С. В.",
	title = "p–Адическая математическая физика: основные конструкции, применения к сложным и наноскопическим системам",
	address = "",
	year = "2009",
	publisher = "",
	pages = "3–168",
	volume = "12",
	language = "russian",
	ibsn = "",
	url = ""
}
# Математическая физика и еë приложения. Вводные курсы. Выпуск 1, Самарский гос. ун-т, Самара, 2009

@Article { bib:analysis:anashin:en,
	author = "Anashin, V.",
	title = "The p-adic ergodic theory and applications",
	year = "2014",
	numpages = "221",
	language = "english",
	doi = "10.13140/2.1.3548.0647"
}

@Article { bib:ode:3,
	author = "Moler, C. and Loan, C.",
	title = "Nineteen Dubious Ways to Compute the Exponential of a Matrix, Twenty-Five Years Later",
	year = "2003",
	volume = "45(1)",
	numpages = "3-49",
	language = "english",,
	journal = "SIAM Rev."
}

@Article { bib:computation:gregory,
	author = "Gregory, R.T.",
	title = "The Use of Finite-segment P-adic Arithmetic for Exact Computation",
	year = "1975",
	volume = "81(2)",
	numpages = "58-79",
	language = "english",
	journal = "Proceedings Mathematical Sciences"
}

@Article{ bib:kozirev:2008,
	title = "Методы и приложения ультраметрического и p-адического анализа: от теории всплесков до биофизики",
	author = "Козырев, С. В.",
	publisher = "МИАН, М.",
	pages = "3–168",
	volume = "12",
	year = "2008",
	language = "russian",
	journal = "Совр. пробл. матем."
}

@Article { bib:numbers:hensel:overflow,
	author = "Li, X., and Lu, C., and Sjogren, A.",
	title = "A method for Hensel code overflow detection",
	publisher = "",
	pages = "6-11",
	volume = "12",
	year = "2012",
	language = "english",
	journal = "ACM SIGAPP Applied Computing Review",
	issue = "1"
}

@Article { bib:numbers:morrison,
	author = "Morrison, J.",
	title = "Parallel P-adic computation",
	publisher = "",
	pages = "",
	volume = "28",
	year = "1988",
	language = "english",
	journal = "Information Processing Letters",
	issue = "3"
}

@Article { bib:numbers:newman,
	author = "Newman, M.",
	title = "Solving Equations Exactly",
	publisher = "",
	pages = "",
	volume = "71B",
	number = "4",
	year = "1967",
	language = "english",
	journal = "Mathematics and Mathematical Physics",
}

@Article { bib:numbers:dixon,
	author = "Dixon, D.",
	title = "Exact solution of linear equations using P-adic expansions",
	publisher = "",
	pages = "137-141",
	volume = "",
	year = "1982",
	language = "english",
	journal = "Numerische Mathematik"
}

@Article { bib:numbers:miola,
	author = "Miola, A.",
	title = "Algebraic approach to p-adic conversion of rational numbers",
	publisher = "",
	pages = "167-171",
	volume = "18",
	year = "1984",
	language = "english",
	journal = "Information Processing Letters"
}

@Article { bib:numbers:limongelli,
	author = "Limongelli, C.",
	title = "On an efficient algorithm for big rational number computations by parallel p-adics",
	publisher = "",
	pages = "181-197",
	volume = "15",
	year = "1993",
	language = "english",
	journal = "Journal of Symbolic Computation"
}

@Article { bib:numbers:mignotte,
	author = "Mignotte, M.",
	title = "Some Useful Bounds",
	publisher = "",
	pages = "259-263",
	volume = "",
	year = "1983",
	language = "english",
	journal = "Spinger Verlag"
}

@Misc { bib:analysis:anashin,
	author = "Анашин, В.С.",
	title = "Введение в прикладной p-адический анализ",
	medium = {Электронный ресурс},
	url = "http://istina.msu.ru/media/courses/course/f66/226/7102110/CRASH-COURSE_RUS.PDF",
	urldate = "03.03.2020",
	numpages = "22",
	year = "2016",
	language = "russian"
}

@Misc { bib:analysis:ciocan,
	author = "Ciocan, N.",
	title = "P-adic Functions - Part 1",
	medium = {Electronic resource},
	url = "https://www2.math.ethz.ch/education/bachelor/seminars/hs2011/p-adic/report7.pdf",
	urldate = "02.04.2020",
	numpages = "11",
	year = "2011",
	language = "english"
}
